

@article{astropy:2013,
Adsnote = {Provided by the SAO/NASA Astrophysics Data System},
Adsurl = {http://adsabs.harvard.edu/abs/2013A%26A...558A..33A},
Archiveprefix = {arXiv},
Author = {{Astropy Collaboration} and {Robitaille}, T.~P. and {Tollerud}, E.~J. and {Greenfield}, P. and {Droettboom}, M. and {Bray}, E. and {Aldcroft}, T. and {Davis}, M. and {Ginsburg}, A. and {Price-Whelan}, A.~M. and {Kerzendorf}, W.~E. and {Conley}, A. and {Crighton}, N. and {Barbary}, K. and {Muna}, D. and {Ferguson}, H. and {Grollier}, F. and {Parikh}, M.~M. and {Nair}, P.~H. and {Unther}, H.~M. and {Deil}, C. and {Woillez}, J. and {Conseil}, S. and {Kramer}, R. and {Turner}, J.~E.~H. and {Singer}, L. and {Fox}, R. and {Weaver}, B.~A. and {Zabalza}, V. and {Edwards}, Z.~I. and {Azalee Bostroem}, K. and {Burke}, D.~J. and {Casey}, A.~R. and {Crawford}, S.~M. and {Dencheva}, N. and {Ely}, J. and {Jenness}, T. and {Labrie}, K. and {Lim}, P.~L. and {Pierfederici}, F. and {Pontzen}, A. and {Ptak}, A. and {Refsdal}, B. and {Servillat}, M. and {Streicher}, O.},
Doi = {10.1051/0004-6361/201322068},
Eid = {A33},
Eprint = {1307.6212},
Journal = {\aap},
Keywords = {methods: data analysis, methods: miscellaneous, virtual observatory tools},
Month = oct,
Pages = {A33},
Primaryclass = {astro-ph.IM},
Title = {{Astropy: A community Python package for astronomy}},
Volume = 558,
Year = 2013,
}


@article{astropy:2018,
Adsnote = {Provided by the SAO/NASA Astrophysics Data System},
Adsurl = {https://ui.adsabs.harvard.edu/#abs/2018AJ....156..123T},
Author = {{Price-Whelan}, A.~M. and {Sip{\H{o}}cz}, B.~M. and {G{\"u}nther}, H.~M. and {Lim}, P.~L. and {Crawford}, S.~M. and {Conseil}, S. and {Shupe}, D.~L. and {Craig}, M.~W. and {Dencheva}, N. and {Ginsburg}, A. and {VanderPlas}, J.~T. and {Bradley}, L.~D. and {P{\'e}rez-Su{\'a}rez}, D. and {de Val-Borro}, M. and {Paper Contributors}, (Primary and {Aldcroft}, T.~L. and {Cruz}, K.~L. and {Robitaille}, T.~P. and {Tollerud}, E.~J. and {Coordination Committee}, (Astropy and {Ardelean}, C. and {Babej}, T. and {Bach}, Y.~P. and {Bachetti}, M. and {Bakanov}, A.~V. and {Bamford}, S.~P. and {Barentsen}, G. and {Barmby}, P. and {Baumbach}, A. and {Berry}, K.~L. and {Biscani}, F. and {Boquien}, M. and {Bostroem}, K.~A. and {Bouma}, L.~G. and {Brammer}, G.~B. and {Bray}, E.~M. and {Breytenbach}, H. and {Buddelmeijer}, H. and {Burke}, D.~J. and {Calderone}, G. and {Cano Rodr{\'\i}guez}, J.~L. and {Cara}, M. and {Cardoso}, J.~V.~M. and {Cheedella}, S. and {Copin}, Y. and {Corrales}, L. and {Crichton}, D. and {D{\textquoteright}Avella}, D. and {Deil}, C. and {Depagne}, {\'E}. and {Dietrich}, J.~P. and {Donath}, A. and {Droettboom}, M. and {Earl}, N. and {Erben}, T. and {Fabbro}, S. and {Ferreira}, L.~A. and {Finethy}, T. and {Fox}, R.~T. and {Garrison}, L.~H. and {Gibbons}, S.~L.~J. and {Goldstein}, D.~A. and {Gommers}, R. and {Greco}, J.~P. and {Greenfield}, P. and {Groener}, A.~M. and {Grollier}, F. and {Hagen}, A. and {Hirst}, P. and {Homeier}, D. and {Horton}, A.~J. and {Hosseinzadeh}, G. and {Hu}, L. and {Hunkeler}, J.~S. and {Ivezi{\'c}}, {\v{Z}}. and {Jain}, A. and {Jenness}, T. and {Kanarek}, G. and {Kendrew}, S. and {Kern}, N.~S. and {Kerzendorf}, W.~E. and {Khvalko}, A. and {King}, J. and {Kirkby}, D. and {Kulkarni}, A.~M. and {Kumar}, A. and {Lee}, A. and {Lenz}, D. and {Littlefair}, S.~P. and {Ma}, Z. and {Macleod}, D.~M. and {Mastropietro}, M. and {McCully}, C. and {Montagnac}, S. and {Morris}, B.~M. and {Mueller}, M. and {Mumford}, S.~J. and {Muna}, D. and {Murphy}, N.~A. and {Nelson}, S. and {Nguyen}, G.~H. and {Ninan}, J.~P. and {N{\"o}the}, M. and {Ogaz}, S. and {Oh}, S. and {Parejko}, J.~K. and {Parley}, N. and {Pascual}, S. and {Patil}, R. and {Patil}, A.~A. and {Plunkett}, A.~L. and {Prochaska}, J.~X. and {Rastogi}, T. and {Reddy Janga}, V. and {Sabater}, J. and {Sakurikar}, P. and {Seifert}, M. and {Sherbert}, L.~E. and {Sherwood-Taylor}, H. and {Shih}, A.~Y. and {Sick}, J. and {Silbiger}, M.~T. and {Singanamalla}, S. and {Singer}, L.~P. and {Sladen}, P.~H. and {Sooley}, K.~A. and {Sornarajah}, S. and {Streicher}, O. and {Teuben}, P. and {Thomas}, S.~W. and {Tremblay}, G.~R. and {Turner}, J.~E.~H. and {Terr{\'o}n}, V. and {van Kerkwijk}, M.~H. and {de la Vega}, A. and {Watkins}, L.~L. and {Weaver}, B.~A. and {Whitmore}, J.~B. and {Woillez}, J. and {Zabalza}, V. and {Contributors}, (Astropy},
Doi = {10.3847/1538-3881/aabc4f},
Eid = {123},
Journal = {\aj},
Keywords = {methods: data analysis, methods: miscellaneous, methods: statistical, reference systems, Astrophysics - Instrumentation and Methods for Astrophysics},
Month = Sep,
Pages = {123},
Primaryclass = {astro-ph.IM},
Title = {{The Astropy Project: Building an Open-science Project and Status of the v2.0 Core Package}},
Volume = {156},
Year = 2018,
Bdsk-Url-1 = {https://doi.org/10.3847/1538-3881/aabc4f}}

@book{Baddeley_2015,
title = "Spatial Point Patterns: Methodology and Applications with R",
author = "Adrian Baddeley and Rubak, {Ege Holger} and Rolf Turner",
year = "2015",
language = "English",
isbn = "9781482210200",
series = "Chapman \& Hall/CRC Interdisciplinary Statistics",
publisher = "CRC Press",
}

@ARTICLE{Barber_1996,
    author = {C. Bradford Barber and David P. Dobkin and Hannu Huhdanpaa},
    title = {The Quickhull algorithm for convex hulls},
    journal = {ACM TRANSACTIONS ON MATHEMATICAL SOFTWARE},
    year = {1996},
    volume = {22},
    number = {4},
    pages = {469--483}
}

@Inbook{Baxter2010,
author="Baxter, Rohan A.",
editor="Sammut, Claude
and Webb, Geoffrey I.",
title="Mixture Model",
bookTitle="Encyclopedia of Machine Learning",
year="2010",
publisher="Springer US",
address="Boston, MA",
pages="680--682",
isbn="978-0-387-30164-8",
doi="10.1007/978-0-387-30164-8_547",
url="https://doi.org/10.1007/978-0-387-30164-8_547"
}

@article{Brier_1950,
  doi = {10.1175/1520-0493(1950)078<0001:vofeit>2.0.co;2},
  url = {https://doi.org/10.1175%2F1520-0493%281950%29078%3C0001%3Avofeit%3E2.0.co%3B2},
  year = 1950,
  month = {jan},
  publisher = {American Meteorological Society},
  volume = {78},
  number = {1},
  pages = {1--3},
  author = {GLENN W. Brier},
  title = {{VERIFICATION} {OF} {FORECASTS} {EXPRESSED} {IN} {TERMS} {OF} {PROBABILITY}},
  journal = {Monthly Weather Review}
}

@ARTICLE{Cantat_2018,
       author = {{Cantat-Gaudin}, T. and {Jordi}, C. and {Vallenari}, A. and
         {Bragaglia}, A. and {Balaguer-N{\'u}{\~n}ez}, L. and {Soubiran}, C. and
         {Bossini}, D. and {Moitinho}, A. and {Castro-Ginard}, A. and
         {Krone-Martins}, A. and {Casamiquela}, L. and {Sordo}, R. and
         {Carrera}, R.},
        title = "{A Gaia DR2 view of the open cluster population in the Milky Way}",
      journal = {\aap},
     keywords = {stars: distances, Galaxy: disk, Galaxy: structure, open clusters and associations: general, Astrophysics - Astrophysics of Galaxies},
         year = 2018,
        month = oct,
       volume = {618},
          eid = {A93},
        pages = {A93},
          doi = {10.1051/0004-6361/201833476},
archivePrefix = {arXiv},
       eprint = {1805.08726},
 primaryClass = {astro-ph.GA},
       adsurl = {https://ui.adsabs.harvard.edu/abs/2018A&A...618A..93C},
      adsnote = {Provided by the SAO/NASA Astrophysics Data System}
}

@article{dempster_1977,
  title={Maximum likelihood from incomplete data via the EM algorithm},
  author={Dempster, Arthur P and Laird, Nan M and Rubin, Donald B},
  journal={Journal of the Royal Statistical Society: Series B (Methodological)},
  volume={39},
  number={1},
  pages={1--22},
  year={1977},
  publisher={Wiley Online Library}
}

@inbook{Dixon_2014,
author = {Dixon, Philip M.},
publisher = {American Cancer Society},
isbn = {9781118445112},
title = {Ripley's K Function},
booktitle = {Wiley StatsRef: Statistics Reference Online},
chapter = {},
pages = {},
doi = {10.1002/9781118445112.stat07751},
url = {https://onlinelibrary.wiley.com/doi/abs/10.1002/9781118445112.stat07751},
eprint = {https://onlinelibrary.wiley.com/doi/pdf/10.1002/9781118445112.stat07751},
year = {2014},
keywords = {spatial point process, spatial point pattern, clustering, spatial scale, spatial segregation, edge effect corrections},
abstract = {Abstract Ripley's K function summarizes spatial point process data. It can be used to describe a set of locations, test hypotheses about patterns, and estimate parameters in a spatial point process model. For a stationary point process, K(t) is the expected number of additional points within distance t of a focal point divided by the intensity of the process. A univariate version is used for one set of locations and a multivariate version is used when points can be labeled by a small number of groups. This article reviews the properties of Ripley's K function and two related functions, then illustrates the computation and interpretation using data on the locations of trees in a swamp hardwood forest.}
}

@article{Good_1952,
 ISSN = {00359246},
 URL = {http://www.jstor.org/stable/2984087},
 author = {I. J. Good},
 journal = {Journal of the Royal Statistical Society. Series B (Methodological)},
 number = {1},
 pages = {107--114},
 publisher = {[Royal Statistical Society, Wiley]},
 title = {Rational Decisions},
 volume = {14},
 year = {1952}
}

@article{Hand_2009,
  doi = {10.1007/s10994-009-5119-5},
  url = {https://doi.org/10.1007%2Fs10994-009-5119-5},
  year = 2009,
  month = {jun},
  publisher = {Springer Science and Business Media {LLC}},
  volume = {77},
  number = {1},
  pages = {103--123},
  author = {David J. Hand},
  title = {Measuring classifier performance: a~coherent alternative to the area under the {ROC} curve},
  journal = {Machine Learning}
}

@article{Hand_2014,
  doi = {10.1016/j.patrec.2013.12.011},
  url = {https://doi.org/10.1016%2Fj.patrec.2013.12.011},
  year = 2014,
  month = {apr},
  publisher = {Elsevier {BV}},
  volume = {40},
  pages = {41--46},
  author = {D.J. Hand and C. Anagnostopoulos},
  title = {A better Beta for the H measure of classification performance},
  journal = {Pattern Recognition Letters}
}

@article{hernandez_2012,
  author  = {Jos{{\'e}} Hern{{\'a}}ndez-Orallo and Peter Flach and C{{\`e}}sar Ferri},
  title   = {A Unified View of Performance Metrics: Translating Threshold Choice into Expected Classification Loss},
  journal = {Journal of Machine Learning Research},
  year    = {2012},
  volume  = {13},
  number  = {91},
  pages   = {2813-2869},
  url     = {http://jmlr.org/papers/v13/hernandez-orallo12a.html}
}

@article{hunter_2007,
  title={Matplotlib: A 2D graphics environment},
  author={Hunter, John D and others},
  journal={Computing in science and engineering},
  volume={9},
  number={3},
  pages={90--95},
  year={2007}
}

@Misc{Jones_2001,
  author =    {Eric Jones and Travis Oliphant and Pearu Peterson and others},
  title =     {{SciPy}: Open source scientific tools for {Python}},
  year =      {2001},
  url = "http://www.scipy.org/",
  note = {[Online; accessed 2016-06-21]}
}


@article{KMM14,
 adsnote = {Provided by the SAO/NASA Astrophysics Data System},
 adsurl = {https://ui.adsabs.harvard.edu/abs/2014A&A...561A..57K},
 archiveprefix = {arXiv},
 author = {{Krone-Martins}, A. and {Moitinho}, A.},
 doi = {10.1051/0004-6361/201321143},
 eid = {A57},
 eprint = {1309.4471},
 journal = {\aap},
 keywords = {open clusters and associations: general, open clusters and associations: individual: Haner 10, methods: data analysis, methods: statistical, open clusters and associations: individual: Haner 16, open clusters and associations: individual: Czernik 29, Astrophysics - Instrumentation and Methods for Astrophysics, Astrophysics - Astrophysics of Galaxies},
 month = {January},
 pages = {A57},
 primaryclass = {astro-ph.IM},
 title = {{UPMASK: unsupervised photometric membership assignment in stellar clusters}},
 volume = {561},
 year = {2014}
}

@article{Lagache_2013,
  doi = {10.1371/journal.pone.0080914},
  url = {https://doi.org/10.1371%2Fjournal.pone.0080914},
  year = 2013,
  month = {dec},
  publisher = {Public Library of Science ({PLoS})},
  volume = {8},
  number = {12},
  pages = {e80914},
  author = {Thibault Lagache and Gabriel Lang and Nathalie Sauvonnet and Jean-Christophe Olivo-Marin},
  editor = {Joshua Z. Rappoport},
  title = {Analysis of the Spatial Organization of Molecules with Robust Statistics},
  journal = {{PLoS} {ONE}}
}

@article{Lobo_2008,
  doi = {10.1111/j.1466-8238.2007.00358.x},
  url = {https://doi.org/10.1111%2Fj.1466-8238.2007.00358.x},
  year = 2008,
  month = {mar},
  publisher = {Wiley},
  volume = {17},
  number = {2},
  pages = {145--151},
  author = {Jorge M. Lobo and Alberto Jim{\'{e}}nez-Valverde and Raimundo Real},
  title = {{AUC}: a misleading measure of the performance of predictive distribution models},
  journal = {Global Ecology and Biogeography}
}

@article{Marcon_2013,
  doi = {10.1155/2013/753475},
  url = {https://doi.org/10.1155%2F2013%2F753475},
  year = 2013,
  publisher = {Hindawi Limited},
  volume = {2013},
  pages = {1--9},
  author = {Eric Marcon and St{\'{e}}phane Traissac and Gabriel Lang},
  title = {A Statistical Test for Ripley's K Function Rejection of Poisson Null Hypothesis},
  journal = {{ISRN} Ecology}
}

@inproceedings{macqueen1967,
address = "Berkeley, Calif.",
author = "MacQueen, J.",
booktitle = "Proceedings of the Fifth Berkeley Symposium on Mathematical Statistics and Probability, Volume 1: Statistics",
pages = "281--297",
publisher = "University of California Press",
title = "Some methods for classification and analysis of multivariate observations",
url = "https://projecteuclid.org/euclid.bsmsp/1200512992",
year = "1967"
}

@article{Matthews_1975,
title = "Comparison of the predicted and observed secondary structure of T4 phage lysozyme",
journal = "Biochimica et Biophysica Acta (BBA) - Protein Structure",
volume = "405",
number = "2",
pages = "442 - 451",
year = "1975",
issn = "0005-2795",
doi = "https://doi.org/10.1016/0005-2795(75)90109-9",
url = "http://www.sciencedirect.com/science/article/pii/0005279575901099",
author = "B.W. Matthews",
abstract = "Predictions of the secondary structure of T4 phage lysozyme, made by a number of investigators on the basis of the amino acid sequence, are compared with the structure of the protein determined experimentally by X-ray crystallography. Within the amino terminal half of the molecule the locations of helices predicted by a number of methods agree moderately well with the observed structure, however within the carboxyl half of the molecule the overall agreement is poor. For eleven different helix predictions, the coefficients giving the correlation between prediction and observation range from 0.14 to 0.42. The accuracy of the predictions for both β-sheet regions and for turns are generally lower than for the helices, and in a number of instances the agreement between prediction and observation is no better than would be expected for a random selection of residues. The structural predictions for T4 phage lysozyme are much less successful than was the case for adenylate kinase (Schulz et al. (1974) Nature 250, 140–142). No one method of prediction is clearly superior to all others, and although empirical predictions based on larger numbers of known protein structure tend to be more accurate than those based on a limited sample, the improvement in accuracy is not dramatic, suggesting that the accuracy of current empirical predictive methods will not be substantially increased simply by the inclusion of more data from additional protein structure determinations."
}

@article{Merkle_2013,
  doi = {10.1287/deca.2013.0280},
  url = {https://doi.org/10.1287%2Fdeca.2013.0280},
  year = 2013,
  month = {dec},
  publisher = {Institute for Operations Research and the Management Sciences ({INFORMS})},
  volume = {10},
  number = {4},
  pages = {292--304},
  author = {Edgar C. Merkle and Mark Steyvers},
  title = {Choosing a Strictly Proper Scoring Rule},
  journal = {Decision Analysis}
}

@ARTICLE{Momcheva2015,
       author = {{Momcheva}, Ivelina and {Tollerud}, Erik},
        title = "{Software Use in Astronomy: an Informal Survey}",
      journal = {arXiv e-prints},
     keywords = {Astrophysics - Instrumentation and Methods for Astrophysics, Computer Science - Computers and Society},
         year = 2015,
        month = jul,
          eid = {arXiv:1507.03989},
        pages = {arXiv:1507.03989},
archivePrefix = {arXiv},
       eprint = {1507.03989},
 primaryClass = {astro-ph.IM},
       adsurl = {https://ui.adsabs.harvard.edu/abs/2015arXiv150703989M},
      adsnote = {Provided by the SAO/NASA Astrophysics Data System}
}

@inproceedings{Parker_2011,
  doi = {10.1109/icdm.2011.21},
  url = {https://doi.org/10.1109%2Ficdm.2011.21},
  year = 2011,
  month = {dec},
  publisher = {{IEEE}},
  author = {Charles Parker},
  title = {An Analysis of Performance Measures for Binary Classifiers},
  booktitle = {2011 {IEEE} 11th International Conference on Data Mining}
}

@article{pedregosa_2011,
  title={Scikit-learn: Machine learning in Python},
  author={Pedregosa, Fabian and Varoquaux, Ga{\"e}l and Gramfort, Alexandre and Michel, Vincent and Thirion, Bertrand and Grisel, Olivier and Blondel, Mathieu and Prettenhofer, Peter and Weiss, Ron and Dubourg, Vincent and others},
  journal={Journal of Machine Learning Research},
  volume={12},
  number={Oct},
  pages={2825--2830},
  year={2011}
}

@article{Perren_2015,
doi = {10.1051/0004-6361/201424946},
url = {http://dx.doi.org/10.1051/0004-6361/201424946},
year = {2015},
month = {mar},
publisher = {{EDP} Sciences},
volume = {576},
pages = {A6},
author = {G. I. Perren and R. A. V{\'{a}}zquez and A. E. Piatti},
title = {{{ASteCA}: Automated Stellar Cluster Analysis}},
journal = {A\&A},
}

@article{ripley_1976,
    title={The second-order analysis of stationary point processes},
    volume={13}, DOI={10.2307/3212829},
    number={2}, journal={Journal of Applied Probability},
    publisher={Cambridge University Press},
    author={Ripley, B. D.},
    year={1976},
    pages={255–266}
}

@article{ripley_1979,
 ISSN = {00359246},
 URL = {http://www.jstor.org/stable/2985065},
 abstract = {Tests of "randomness" and methods of edge-correction for spatial point patterns are surveyed. The asymptotic distribution theory and power of tests based on the nearest-neighbour distances and estimates of the variance function are investigated.},
 author = {B. D. Ripley},
 journal = {Journal of the Royal Statistical Society. Series B (Methodological)},
 number = {3},
 pages = {368--374},
 publisher = {[Royal Statistical Society, Wiley]},
 title = {Tests of `Randomness' for Spatial Point Patterns},
 volume = {41},
 year = {1979}
}

@ARTICLE{Rodriguez2014,
       author = {{Rodriguez}, Alex and {Laio}, Alessandro},
        title = "{Clustering by fast search and find of density peaks}",
      journal = {Science},
     keywords = {COMP/MATH, Computer-Science, Sociology, Chemistry},
         year = 2014,
        month = jun,
       volume = {344},
       number = {6191},
        pages = {1492-1496},
          doi = {10.1126/science.1242072},
       adsurl = {https://ui.adsabs.harvard.edu/abs/2014Sci...344.1492R},
      adsnote = {Provided by the SAO/NASA Astrophysics Data System}
}

@ARTICLE{Sanders_1971,
       author = {{Sanders}, W.~L.},
        title = "{An improved method for computing membership probabilities in open clusters.}",
      journal = {\aap},
         year = 1971,
        month = sep,
       volume = {14},
        pages = {226-232},
       adsurl = {https://ui.adsabs.harvard.edu/abs/1971A&A....14..226S},
      adsnote = {Provided by the SAO/NASA Astrophysics Data System}
}

@article{scikit-learn,
 title={Scikit-learn: Machine Learning in {P}ython},
 author={Pedregosa, F. and Varoquaux, G. and Gramfort, A. and Michel, V.
         and Thirion, B. and Grisel, O. and Blondel, M. and Prettenhofer, P.
         and Weiss, R. and Dubourg, V. and Vanderplas, J. and Passos, A. and
         Cournapeau, D. and Brucher, M. and Perrot, M. and Duchesnay, E.},
 journal={Journal of Machine Learning Research},
 volume={12},
 pages={2825--2830},
 year={2011}
}

@inproceedings{Sculley2010,
author = {Sculley, D.},
title = {Web-Scale k-Means Clustering},
year = {2010},
isbn = {9781605587998},
publisher = {Association for Computing Machinery},
address = {New York, NY, USA},
url = {https://doi.org/10.1145/1772690.1772862},
doi = {10.1145/1772690.1772862},
abstract = {We present two modifications to the popular k-means clustering algorithm to address the extreme requirements for latency, scalability, and sparsity encountered in user-facing web applications. First, we propose the use of mini-batch optimization for k-means clustering. This reduces computation cost by orders of magnitude compared to the classic batch algorithm while yielding significantly better solutions than online stochastic gradient descent. Second, we achieve sparsity with projected gradient descent, and give a fast ε-accurate projection onto the L1-ball. Source code is freely available: http://code.google.com/p/sofia-ml},
booktitle = {Proceedings of the 19th International Conference on World Wide Web},
pages = {1177–1178},
numpages = {2},
keywords = {sparse solutions, unsupervised clustering, scalability},
location = {Raleigh, North Carolina, USA},
series = {WWW '10}
}

@INPROCEEDINGS{Streib_2011,
  author={K. {Streib} and J. W. {Davis}},
  booktitle={CVPR 2011}, 
  title={Using Ripley's K-function to improve graph-based clustering techniques}, 
  year={2011},
  volume={},
  number={},
  pages={2305-2312}
}

@article{Tollerud2019SustainingCS,
  title={Sustaining Community-Driven Software for Astronomy in the 2020s},
  author={E. J. Tollerud and A. M. Smith and A. Price-Whelan and K.
  Cruz and D. Norman and G. Narayan},
  journal={Bulletin of the American Astronomical Society},
  year={2019},
  volume={51},
  pages={180}
}

@article{vanDerWalt_2011,
  title={The NumPy array: a structure for efficient numerical computation},
  author={Van Der Walt, Stefan and Colbert, S Chris and Varoquaux, Gael},
  journal={Computing in Science \& Engineering},
  volume={13},
  number={2},
  pages={22--30},
  year={2011},
  publisher={AIP Publishing}
}

@TechReport{vanRossum_1995,
  author =       "Guido {van Rossum}",
  title =        "{Python} tutorial",
  type =         "Report",
  number =       "CS-R9526",
  institution =  "pub-CWI",
  address =      "pub-CWI:adr",
  pages =        "iii + 65",
  month =        apr,
  year =         "1995",
  bibdate =      "Thu May 21 14:06:05 MDT 1998",
  keywords =     "Object-oriented programming (Computer science);
                 Programming languages (Electronic computers)",
}

@article{Vasilevskis_1958,
    doi = {10.1086/107787},
    url = {https://doi.org/10.1086%2F107787},
    year = 1958,
    month = {oct},
    publisher = {{IOP} Publishing},
    volume = {63},
    pages = {387},
    author = {S. Vasilevskis and A. Klemola and G. Preston},
    title = {Relative proper motions of stars in the region of the open cluster {NGC} 6633.},
    journal = {The Astronomical Journal}
}

@article{Voronoi_1908,
      author = "Georges Voronoi",
      title = "Nouvelles applications des paramètres continus à la théorie des formes quadratiques. Premier mémoire. Sur quelques propriétés des formes quadratiques positives parfaites.",
      journal = "Journal für die reine und angewandte Mathematik",
      year = "1908",
      publisher = "De Gruyter",
      address = "Berlin, Boston",
      volume = "1908",
      number = "133",
      doi = "https://doi.org/10.1515/crll.1908.133.97",
      pages=      "97 - 102",
      url = "https://www.degruyter.com/view/journals/crll/1908/133/article-p97.xml"
}

@Inbook{Zepeda2013,
author="Zepeda-Mendoza, Marie Lisandra
and Resendis-Antonio, Osbaldo",
editor="Dubitzky, Werner
and Wolkenhauer, Olaf
and Cho, Kwang-Hyun
and Yokota, Hiroki",
title="Hierarchical Agglomerative Clustering",
bookTitle="Encyclopedia of Systems Biology",
year="2013",
publisher="Springer New York",
address="New York, NY",
pages="886--887",
isbn="978-1-4419-9863-7",
doi="10.1007/978-1-4419-9863-7_1371",
url="https://doi.org/10.1007/978-1-4419-9863-7_1371"
}

@ARTICLE{GaiaDR2_2018,
       author = {{Gaia Collaboration} and {Brown}, A.~G.~A. and {Vallenari}, A. and {Prusti}, T. and {de Bruijne}, J.~H.~J. and {Babusiaux}, C. and {Bailer-Jones}, C.~A.~L. and {Biermann}, M. and {Evans}, D.~W. and {Eyer}, L. and {Jansen}, F. and {Jordi}, C. and {Klioner}, S.~A. and {Lammers}, U. and {Lindegren}, L. and {Luri}, X. and {Mignard}, F. and {Panem}, C. and {Pourbaix}, D. and {Randich}, S. and {Sartoretti}, P. and {Siddiqui}, H.~I. and {Soubiran}, C. and {van Leeuwen}, F. and {Walton}, N.~A. and {Arenou}, F. and {Bastian}, U. and {Cropper}, M. and {Drimmel}, R. and {Katz}, D. and {Lattanzi}, M.~G. and {Bakker}, J. and {Cacciari}, C. and {Casta{\~n}eda}, J. and {Chaoul}, L. and {Cheek}, N. and {De Angeli}, F. and {Fabricius}, C. and {Guerra}, R. and {Holl}, B. and {Masana}, E. and {Messineo}, R. and {Mowlavi}, N. and {Nienartowicz}, K. and {Panuzzo}, P. and {Portell}, J. and {Riello}, M. and {Seabroke}, G.~M. and {Tanga}, P. and {Th{\'e}venin}, F. and {Gracia-Abril}, G. and {Comoretto}, G. and {Garcia-Reinaldos}, M. and {Teyssier}, D. and {Altmann}, M. and {Andrae}, R. and {Audard}, M. and {Bellas-Velidis}, I. and {Benson}, K. and {Berthier}, J. and {Blomme}, R. and {Burgess}, P. and {Busso}, G. and {Carry}, B. and {Cellino}, A. and {Clementini}, G. and {Clotet}, M. and {Creevey}, O. and {Davidson}, M. and {De Ridder}, J. and {Delchambre}, L. and {Dell'Oro}, A. and {Ducourant}, C. and {Fern{\'a}ndez-Hern{\'a}ndez}, J. and {Fouesneau}, M. and {Fr{\'e}mat}, Y. and {Galluccio}, L. and {Garc{\'\i}a-Torres}, M. and {Gonz{\'a}lez-N{\'u}{\~n}ez}, J. and {Gonz{\'a}lez-Vidal}, J.~J. and {Gosset}, E. and {Guy}, L.~P. and {Halbwachs}, J. -L. and {Hambly}, N.~C. and {Harrison}, D.~L. and {Hern{\'a}ndez}, J. and {Hestroffer}, D. and {Hodgkin}, S.~T. and {Hutton}, A. and {Jasniewicz}, G. and {Jean-Antoine-Piccolo}, A. and {Jordan}, S. and {Korn}, A.~J. and {Krone-Martins}, A. and {Lanzafame}, A.~C. and {Lebzelter}, T. and {L{\"o}ffler}, W. and {Manteiga}, M. and {Marrese}, P.~M. and {Mart{\'\i}n-Fleitas}, J.~M. and {Moitinho}, A. and {Mora}, A. and {Muinonen}, K. and {Osinde}, J. and {Pancino}, E. and {Pauwels}, T. and {Petit}, J. -M. and {Recio-Blanco}, A. and {Richards}, P.~J. and {Rimoldini}, L. and {Robin}, A.~C. and {Sarro}, L.~M. and {Siopis}, C. and {Smith}, M. and {Sozzetti}, A. and {S{\"u}veges}, M. and {Torra}, J. and {van Reeven}, W. and {Abbas}, U. and {Abreu Aramburu}, A. and {Accart}, S. and {Aerts}, C. and {Altavilla}, G. and {{\'A}lvarez}, M.~A. and {Alvarez}, R. and {Alves}, J. and {Anderson}, R.~I. and {Andrei}, A.~H. and {Anglada Varela}, E. and {Antiche}, E. and {Antoja}, T. and {Arcay}, B. and {Astraatmadja}, T.~L. and {Bach}, N. and {Baker}, S.~G. and {Balaguer-N{\'u}{\~n}ez}, L. and {Balm}, P. and {Barache}, C. and {Barata}, C. and {Barbato}, D. and {Barblan}, F. and {Barklem}, P.~S. and {Barrado}, D. and {Barros}, M. and {Barstow}, M.~A. and {Bartholom{\'e} Mu{\~n}oz}, S. and {Bassilana}, J. -L. and {Becciani}, U. and {Bellazzini}, M. and {Berihuete}, A. and {Bertone}, S. and {Bianchi}, L. and {Bienaym{\'e}}, O. and {Blanco-Cuaresma}, S. and {Boch}, T. and {Boeche}, C. and {Bombrun}, A. and {Borrachero}, R. and {Bossini}, D. and {Bouquillon}, S. and {Bourda}, G. and {Bragaglia}, A. and {Bramante}, L. and {Breddels}, M.~A. and {Bressan}, A. and {Brouillet}, N. and {Br{\"u}semeister}, T. and {Brugaletta}, E. and {Bucciarelli}, B. and {Burlacu}, A. and {Busonero}, D. and {Butkevich}, A.~G. and {Buzzi}, R. and {Caffau}, E. and {Cancelliere}, R. and {Cannizzaro}, G. and {Cantat-Gaudin}, T. and {Carballo}, R. and {Carlucci}, T. and {Carrasco}, J.~M. and {Casamiquela}, L. and {Castellani}, M. and {Castro-Ginard}, A. and {Charlot}, P. and {Chemin}, L. and {Chiavassa}, A. and {Cocozza}, G. and {Costigan}, G. and {Cowell}, S. and {Crifo}, F. and {Crosta}, M. and {Crowley}, C. and {Cuypers}, J. and {Dafonte}, C. and {Damerdji}, Y. and {Dapergolas}, A. and {David}, P. and {David}, M. and {de Laverny}, P. and {De Luise}, F. and {De March}, R. and {de Martino}, D. and {de Souza}, R. and {de Torres}, A. and {Debosscher}, J. and {del Pozo}, E. and {Delbo}, M. and {Delgado}, A. and {Delgado}, H.~E. and {Di Matteo}, P. and {Diakite}, S. and {Diener}, C. and {Distefano}, E. and {Dolding}, C. and {Drazinos}, P. and {Dur{\'a}n}, J. and {Edvardsson}, B. and {Enke}, H. and {Eriksson}, K. and {Esquej}, P. and {Eynard Bontemps}, G. and {Fabre}, C. and {Fabrizio}, M. and {Faigler}, S. and {Falc{\~a}o}, A.~J. and {Farr{\`a}s Casas}, M. and {Federici}, L. and {Fedorets}, G. and {Fernique}, P. and {Figueras}, F. and {Filippi}, F. and {Findeisen}, K. and {Fonti}, A. and {Fraile}, E. and {Fraser}, M. and {Fr{\'e}zouls}, B. and {Gai}, M. and {Galleti}, S. and {Garabato}, D. and {Garc{\'\i}a-Sedano}, F. and {Garofalo}, A. and {Garralda}, N. and {Gavel}, A. and {Gavras}, P. and {Gerssen}, J. and {Geyer}, R. and {Giacobbe}, P. and {Gilmore}, G. and {Girona}, S. and {Giuffrida}, G. and {Glass}, F. and {Gomes}, M. and {Granvik}, M. and {Gueguen}, A. and {Guerrier}, A. and {Guiraud}, J. and {Guti{\'e}rrez-S{\'a}nchez}, R. and {Haigron}, R. and {Hatzidimitriou}, D. and {Hauser}, M. and {Haywood}, M. and {Heiter}, U. and {Helmi}, A. and {Heu}, J. and {Hilger}, T. and {Hobbs}, D. and {Hofmann}, W. and {Holland}, G. and {Huckle}, H.~E. and {Hypki}, A. and {Icardi}, V. and {Jan{\ss}en}, K. and {Jevardat de Fombelle}, G. and {Jonker}, P.~G. and {Juh{\'a}sz}, {\'A}. L. and {Julbe}, F. and {Karampelas}, A. and {Kewley}, A. and {Klar}, J. and {Kochoska}, A. and {Kohley}, R. and {Kolenberg}, K. and {Kontizas}, M. and {Kontizas}, E. and {Koposov}, S.~E. and {Kordopatis}, G. and {Kostrzewa-Rutkowska}, Z. and {Koubsky}, P. and {Lambert}, S. and {Lanza}, A.~F. and {Lasne}, Y. and {Lavigne}, J. -B. and {Le Fustec}, Y. and {Le Poncin-Lafitte}, C. and {Lebreton}, Y. and {Leccia}, S. and {Leclerc}, N. and {Lecoeur-Taibi}, I. and {Lenhardt}, H. and {Leroux}, F. and {Liao}, S. and {Licata}, E. and {Lindstr{\o}m}, H.~E.~P. and {Lister}, T.~A. and {Livanou}, E. and {Lobel}, A. and {L{\'o}pez}, M. and {Managau}, S. and {Mann}, R.~G. and {Mantelet}, G. and {Marchal}, O. and {Marchant}, J.~M. and {Marconi}, M. and {Marinoni}, S. and {Marschalk{\'o}}, G. and {Marshall}, D.~J. and {Martino}, M. and {Marton}, G. and {Mary}, N. and {Massari}, D. and {Matijevi{\v{c}}}, G. and {Mazeh}, T. and {McMillan}, P.~J. and {Messina}, S. and {Michalik}, D. and {Millar}, N.~R. and {Molina}, D. and {Molinaro}, R. and {Moln{\'a}r}, L. and {Montegriffo}, P. and {Mor}, R. and {Morbidelli}, R. and {Morel}, T. and {Morris}, D. and {Mulone}, A.~F. and {Muraveva}, T. and {Musella}, I. and {Nelemans}, G. and {Nicastro}, L. and {Noval}, L. and {O'Mullane}, W. and {Ord{\'e}novic}, C. and {Ord{\'o}{\~n}ez-Blanco}, D. and {Osborne}, P. and {Pagani}, C. and {Pagano}, I. and {Pailler}, F. and {Palacin}, H. and {Palaversa}, L. and {Panahi}, A. and {Pawlak}, M. and {Piersimoni}, A.~M. and {Pineau}, F. -X. and {Plachy}, E. and {Plum}, G. and {Poggio}, E. and {Poujoulet}, E. and {Pr{\v{s}}a}, A. and {Pulone}, L. and {Racero}, E. and {Ragaini}, S. and {Rambaux}, N. and {Ramos-Lerate}, M. and {Regibo}, S. and {Reyl{\'e}}, C. and {Riclet}, F. and {Ripepi}, V. and {Riva}, A. and {Rivard}, A. and {Rixon}, G. and {Roegiers}, T. and {Roelens}, M. and {Romero-G{\'o}mez}, M. and {Rowell}, N. and {Royer}, F. and {Ruiz-Dern}, L. and {Sadowski}, G. and {Sagrist{\`a} Sell{\'e}s}, T. and {Sahlmann}, J. and {Salgado}, J. and {Salguero}, E. and {Sanna}, N. and {Santana-Ros}, T. and {Sarasso}, M. and {Savietto}, H. and {Schultheis}, M. and {Sciacca}, E. and {Segol}, M. and {Segovia}, J.~C. and {S{\'e}gransan}, D. and {Shih}, I. -C. and {Siltala}, L. and {Silva}, A.~F. and {Smart}, R.~L. and {Smith}, K.~W. and {Solano}, E. and {Solitro}, F. and {Sordo}, R. and {Soria Nieto}, S. and {Souchay}, J. and {Spagna}, A. and {Spoto}, F. and {Stampa}, U. and {Steele}, I.~A. and {Steidelm{\"u}ller}, H. and {Stephenson}, C.~A. and {Stoev}, H. and {Suess}, F.~F. and {Surdej}, J. and {Szabados}, L. and {Szegedi-Elek}, E. and {Tapiador}, D. and {Taris}, F. and {Tauran}, G. and {Taylor}, M.~B. and {Teixeira}, R. and {Terrett}, D. and {Teyssandier}, P. and {Thuillot}, W. and {Titarenko}, A. and {Torra Clotet}, F. and {Turon}, C. and {Ulla}, A. and {Utrilla}, E. and {Uzzi}, S. and {Vaillant}, M. and {Valentini}, G. and {Valette}, V. and {van Elteren}, A. and {Van Hemelryck}, E. and {van Leeuwen}, M. and {Vaschetto}, M. and {Vecchiato}, A. and {Veljanoski}, J. and {Viala}, Y. and {Vicente}, D. and {Vogt}, S. and {von Essen}, C. and {Voss}, H. and {Votruba}, V. and {Voutsinas}, S. and {Walmsley}, G. and {Weiler}, M. and {Wertz}, O. and {Wevers}, T. and {Wyrzykowski}, {\L}. and {Yoldas}, A. and {{\v{Z}}erjal}, M. and {Ziaeepour}, H. and {Zorec}, J. and {Zschocke}, S. and {Zucker}, S. and {Zurbach}, C. and {Zwitter}, T.},
        title = "{Gaia Data Release 2. Summary of the contents and survey properties}",
      journal = {\aap},
     keywords = {catalogs, astrometry, techniques: radial velocities, stars: fundamental parameters, stars: variables: general, minor planets, asteroids: general, Astrophysics - Astrophysics of Galaxies, Astrophysics - Instrumentation and Methods for Astrophysics},
         year = 2018,
        month = aug,
       volume = {616},
          eid = {A1},
        pages = {A1},
          doi = {10.1051/0004-6361/201833051},
archivePrefix = {arXiv},
       eprint = {1804.09365},
 primaryClass = {astro-ph.GA},
       adsurl = {https://ui.adsabs.harvard.edu/abs/2018A&A...616A...1G},
      adsnote = {Provided by the SAO/NASA Astrophysics Data System}
}

